<?xml version="1.0" encoding="UTF-8"?><record xmlns="http://www.loc.gov/MARC21/slim" xmlns:cinclude="http://apache.org/cocoon/include/1.0" xmlns:zs="http://www.loc.gov/zing/srw/">
  <leader>00781nz  a2200205n  4500</leader>
  <controlfield tag="001">nr2006025638</controlfield>
  <controlfield tag="003">DLC</controlfield>
  <controlfield tag="005">20061109075248.0</controlfield>
  <controlfield tag="008">060926n| acaabaaan          |a ana     c</controlfield>
  <datafield tag="010" ind1=" " ind2=" ">
    <subfield code="a">nr2006025638</subfield>
  </datafield>
  <datafield tag="040" ind1=" " ind2=" ">
    <subfield code="a">UPB</subfield>
    <subfield code="b">eng</subfield>
    <subfield code="c">UPB</subfield>
  </datafield>
  <datafield tag="130" ind1=" " ind2="0">
    <subfield code="a">Antología de lecturas sonorenses.</subfield>
    <subfield code="p">Serie Narrativa</subfield>
  </datafield>
  <datafield tag="410" ind1="2" ind2=" ">
    <subfield code="a">Universidad de Sonora.</subfield>
    <subfield code="t">Antología de lecturas sonorenses.</subfield>
    <subfield code="p">Serie Narrativa </subfield>
  </datafield>
  <datafield tag="430" ind1=" " ind2="0">
    <subfield code="a">Serie Narrativa (Hermosillo, Mexico) </subfield>
  </datafield>
  <datafield tag="430" ind1=" " ind2="0">
    <subfield code="a">Narrativa (Hermosillo, Mexico) </subfield>
  </datafield>
  <datafield tag="643" ind1=" " ind2=" ">
    <subfield code="a">Hermosillo, Sonora, México</subfield>
    <subfield code="b">Universidad de Sonora, Área de Publicaciones, Dirección de Extensión Universitaria </subfield>
  </datafield>
  <datafield tag="644" ind1=" " ind2=" ">
    <subfield code="a">f</subfield>
    <subfield code="5">UPB</subfield>
  </datafield>
  <datafield tag="645" ind1=" " ind2=" ">
    <subfield code="a">t</subfield>
    <subfield code="5">DPCC</subfield>
    <subfield code="5">UPB</subfield>
  </datafield>
  <datafield tag="646" ind1=" " ind2=" ">
    <subfield code="a">s</subfield>
    <subfield code="5">UPB</subfield>
  </datafield>
  <datafield tag="670" ind1=" " ind2=" ">
    <subfield code="a">Dos relatos, 2004:</subfield>
    <subfield code="b">cover (Antología de lecturas sonorenses. Serie Narrativa) </subfield>
  </datafield>
</record>